@misc{cmudict,
  title={The Carnegie mellon pronouncing dictionary [cmudict. 0.6]},
  author={Weide, R},
  year={2005},
  publisher={Carnegie Mellon University: http://www. speech. cs. cmu. edu/cgi-bin/cmudict. Accessed}
},


@book{bird2009natural,
  title={Natural language processing with Python},
  author={Bird, Steven and Klein, Ewan and Loper, Edward},
  year={2009},
  publisher={O'Reilly Media, Incorporated}
},